@online{name_to_reference,
	author = {Jane Appleseed},
	title = {A Captivating Title},
	url = {https://www.google.com},
}
